@article{onsetpd,
  title={The onset of nonmotor symptoms in Parkinson's disease (the ONSET PD study)},
  author={Pont-Sunyer, Claustre and Hotter, Anna and Gaig, Carles and Seppi, Klaus and Compta, Yaroslau and Katzenschlager, Regina and Mas, Natalia and Hofeneder, Dominik and Br{\"u}cke, Thomas and Bay{\'e}s, Angels and others},
  journal={Movement Disorders},
  volume={30},
  number={2},
  pages={229--237},
  year={2015},
  publisher={Wiley Online Library}
}

@article{vu12,
  title={Progression of motor and nonmotor features of Parkinson's disease and their response to treatment},
  author={Vu, Thuy C and Nutt, John G and Holford, Nicholas HG},
  journal={British journal of clinical pharmacology},
  volume={74},
  number={2},
  pages={267--283},
  year={2012},
  publisher={Wiley Online Library}
}

@article{zahodne12,
  title={Mood and motor trajectories in Parkinson's disease: Multivariate latent growth curve modeling.},
  author={Zahodne, Laura B and Marsiske, Michael and Okun, Michael S and Rodriguez, Ramon L and Malaty, Irene and Bowers, Dawn},
  journal={Neuropsychology},
  volume={26},
  number={1},
  pages={71},
  year={2012},
  publisher={American Psychological Association}
}

@article{erro13,
  title={The heterogeneity of early Parkinsonâ€™s disease: a cluster analysis on newly diagnosed untreated patients},
  author={Erro, Roberto and Vitale, Carmine and Amboni, Marianna and Picillo, Marina and Moccia, Marcello and Longo, Katia and Santangelo, Gabriella and De Rosa, Anna and Allocca, Roberto and Giordano, Flavio and others},
  journal={PLoS One},
  volume={8},
  number={8},
  pages={e70244},
  year={2013},
  publisher={Public Library of Science}
}


@article{ma15,
  title={Heterogeneity among patients with Parkinson's disease: Cluster analysis and genetic association},
  author={Ma, Ling-Yan and Chan, Piu and Gu, Zhu-Qin and Li, Fang-Fei and Feng, Tao},
  journal={Journal of the neurological sciences},
  volume={351},
  number={1},
  pages={41--45},
  year={2015},
  publisher={Elsevier}
}


@article{fereshtehnejad15,
  title={New clinical subtypes of Parkinson disease and their longitudinal progression: a prospective cohort comparison with other phenotypes},
  author={Fereshtehnejad, Seyed-Mohammad and Romenets, Silvia Rios and Anang, Julius BM and Latreille, V{\'e}ronique and Gagnon, Jean-Fran{\c{c}}ois and Postuma, Ronald B},
  journal={JAMA neurology},
  volume={72},
  number={8},
  pages={863--873},
  year={2015},
  publisher={American Medical Association}
}

@article{sauerbier15,
  title={Non motor subtypes and Parkinson's disease},
  author={Sauerbier, Anna and Jenner, Peter and Todorova, Antoniya and Chaudhuri, K Ray},
  journal={Parkinsonism \& related disorders},
  volume={22},
  pages={S41--S46},
  year={2016},
  publisher={Elsevier}
}

@article{vanrooden10,
  title={The identification of Parkinson's disease subtypes using cluster analysis: a systematic review},
  author={van Rooden, Stephanie M and Heiser, Willem J and Kok, Joost N and Verbaan, Dagmar and van Hilten, Jacobus J and Marinus, Johan},
  journal={Movement Disorders},
  volume={25},
  number={8},
  pages={969--978},
  year={2010},
  publisher={Wiley Online Library}
}

@article{vanrooden11,
  title={Clinical subtypes of Parkinson's disease},
  author={van Rooden, Stephanie M and Colas, Fabrice and Mart{\'\i}nez-Mart{\'\i}n, Pablo and Visser, Martine and Verbaan, Dagmar and Marinus, Johan and Chaudhuri, Ray K and Kok, Joost N and van Hilten, Jacobus J},
  journal={Movement Disorders},
  volume={26},
  number={1},
  pages={51--58},
  year={2011},
  publisher={Wiley Online Library}
}
